  @article{Aramendia2023,
    title        = {Global energy consumption of the mineral mining industry: Exploring the historical perspective and future pathways to 2060},
    author       = {Emmanuel Aramendia, Paul E. Brockway, Peter G. Taylor, Jonathan Norman},
    year         = {2023},
    journal      = {Global Environmental Change}
  }

  @article{Soofastaei2019,
    title        = {Energy-Efficiency Improvement in Mine-Railway Operation Using AI},
    author       = {Ali Soofastaei},
    year         = {2019},
    journal      = {Journal of Energy and Power Engineering}
  }

  @article{Jiang2020,
    title        = {Optimizing the Rail Profile for High-Speed Railways Based on Artificial Neural Network and Genetic Algorithm Coupled Method},
    author       = {Hanwen Jiang, Liang Gao},
    year         = {2020},
    journal      = {School of Civil Engineering}
  }